
@article{skovgaard_2021,
	title = {Manual Annotation of Time in Bed Using Free-Living Recordings of Accelerometry Data},
	author = {Skovgaard, Esben Lykke and Pedersen, Jesper and {Møller}, Niels Christian and {Grøntved}, Anders and {Brønd}, Jan Christian},
	year = {2021},
	month = {12},
	date = {2021-12-17},
	journal = {Sensors (Basel, Switzerland)},
	pages = {8442},
	volume = {21},
	number = {24},
	doi = {10.3390/s21248442},
	note = {PMID: 34960533
PMCID: PMC8707394},
	langid = {eng}
}

@article{skovgaard_2023,
	title = {Generalizability and performance of methods to detect non-wear with free-living accelerometer recordings},
	author = {Skovgaard, Esben Lykke and Roswall, Malthe Andreas and Pedersen, {Natascha Holbæk} and Larsen, Kristian Traberg and {Grøntved}, Anders and {Brønd}, Jan Christian},
	year = {2023},
	month = {02},
	date = {2023-02-13},
	journal = {Scientific Reports},
	pages = {2496},
	volume = {13},
	number = {1},
	doi = {10.1038/s41598-023-29666-x},
	url = {https://www.nature.com/articles/s41598-023-29666-x},
	note = {Number: 1
Publisher: Nature Publishing Group},
	langid = {en}
}
